<collection xmlns:xsi="http://www.w3.org/2001/XMLSchema-instance" xmlns="http://www.loc.gov/MARC21/slim" xsi:schemaLocation="http://www.loc.gov/MARC21/slim http://www.loc.gov/standards/marcxml/schema/MARC21slim.xsd">

<record>
  <leader>07348ckdaa2200877 a 4500</leader>
  <controlfield tag="001">3462399</controlfield>
  <controlfield tag="005">20100226103438.0</controlfield>
  <controlfield tag="008">890525s1918    xx ||| |||||||    k|eng d</controlfield>
  <datafield tag="035" ind1=" " ind2=" ">
    <subfield code="a">(OCoLC)81650688</subfield>
  </datafield>
  <datafield tag="035" ind1=" " ind2=" ">
    <subfield code="a">(OCoLC)ocm81650688</subfield>
  </datafield>
  <datafield tag="035" ind1=" " ind2=" ">
    <subfield code="a">(CStRLIN)NYDA89-F653</subfield>
  </datafield>
  <datafield tag="035" ind1=" " ind2=" ">
    <subfield code="9">AAA2870AD</subfield>
  </datafield>
  <datafield tag="035" ind1=" " ind2=" ">
    <subfield code="a">(NNC)3462399</subfield>
  </datafield>
  <datafield tag="040" ind1=" " ind2=" ">
    <subfield code="a">NNC</subfield>
    <subfield code="c">NNC</subfield>
    <subfield code="e">gihc</subfield>
  </datafield>
  <datafield tag="043" ind1=" " ind2=" ">
    <subfield code="a">n-us-ca</subfield>
  </datafield>
  <datafield tag="110" ind1="2" ind2=" ">
    <subfield code="a">Greene &amp; Greene.</subfield>
  </datafield>
  <datafield tag="240" ind1="1" ind2="0">
    <subfield code="a">William T. Bolton house, 370 Del Mar (Pasadena, Calif.).</subfield>
    <subfield code="p">Alterations</subfield>
  </datafield>
  <datafield tag="245" ind1="1" ind2="0">
    <subfield code="a">Alterations to 370 Elevado Drive [now Del Mar], Pasadena, [Calif.].</subfield>
    <subfield code="h">[graphic] :</subfield>
    <subfield code="b">for Miss Cordelia A. Culbertson /</subfield>
    <subfield code="c">Greene &amp; Greene, Architects.</subfield>
  </datafield>
  <datafield tag="260" ind1=" " ind2=" ">
    <subfield code="c">[19]18.</subfield>
  </datafield>
  <datafield tag="300" ind1=" " ind2=" ">
    <subfield code="a">33 drawings :</subfield>
    <subfield code="b">various media ;</subfield>
    <subfield code="c">101.4 x 106.8 cm. (40 x 42 1/8 in.) or smaller.</subfield>
  </datafield>
  <datafield tag="500" ind1=" " ind2=" ">
    <subfield code="a">Scale varies.</subfield>
  </datafield>
  <datafield tag="500" ind1=" " ind2=" ">
    <subfield code="a">Bracketed title elements supplied by cataloger or taken from inventory.</subfield>
  </datafield>
  <datafield tag="580" ind1=" " ind2=" ">
    <subfield code="a">Forms part of the Greene &amp; Greene collection of architectural drawings ; job no. 382. Dept. of Drawings &amp; Archives, Avery Architectural and Fine Arts Library, Columbia University.</subfield>
  </datafield>
  <datafield tag="500" ind1=" " ind2=" ">
    <subfield code="a">This set consists of 30 graphite  drawings on tracing paper and 1 graphite and crayon drawing on tracing paper.</subfield>
  </datafield>
  <datafield tag="500" ind1=" " ind2=" ">
    <subfield code="a">"The Culbertson sisters, after contemplating the construction of a smaller house, purchased the Dr. William T. Bolton house (1906) in 1917,engaging Henry Greene for alterations shortly thereafter" -- Greene &amp; Greene, architecture as a fine art, by Randell L. Makinson, Salt Lake City, 1977, p. 205.</subfield>
  </datafield>
  <datafield tag="541" ind1=" " ind2=" ">
    <subfield code="a">Gift of Jean Murray Bangs (Mrs. Harwell Hamilton Harris), 1960; formerly the collection of Charles Sumner Greene.</subfield>
  </datafield>
  <datafield tag="650" ind1=" " ind2="7">
    <subfield code="a">Houses.</subfield>
    <subfield code="2">aat</subfield>
  </datafield>
  <datafield tag="650" ind1=" " ind2="7">
    <subfield code="a">Alterations.</subfield>
    <subfield code="2">aat</subfield>
  </datafield>
  <datafield tag="655" ind1=" " ind2="7">
    <subfield code="a">Detail drawings.</subfield>
    <subfield code="2">aat</subfield>
  </datafield>
  <datafield tag="655" ind1=" " ind2="7">
    <subfield code="a">Sketches.</subfield>
    <subfield code="2">aat</subfield>
  </datafield>
  <datafield tag="655" ind1=" " ind2="7">
    <subfield code="a">Architectural drawings</subfield>
    <subfield code="x">American.</subfield>
    <subfield code="2">aat</subfield>
  </datafield>
  <datafield tag="655" ind1=" " ind2="7">
    <subfield code="a">Orthographic drawings.</subfield>
    <subfield code="2">aat</subfield>
  </datafield>
  <datafield tag="651" ind1=" " ind2="0">
    <subfield code="a">Pasadena (Calif.)</subfield>
  </datafield>
  <datafield tag="650" ind1=" " ind2="0">
    <subfield code="a">Architecture</subfield>
    <subfield code="z">United States</subfield>
    <subfield code="v">Designs and plans.</subfield>
  </datafield>
  <datafield tag="610" ind1="2" ind2="0">
    <subfield code="a">William T. Bolton house, 370 Del mar (Pasadena, Calif.)</subfield>
  </datafield>
  <datafield tag="700" ind1="1" ind2=" ">
    <subfield code="a">Greene, Charles Sumner,</subfield>
    <subfield code="d">1868-1957.</subfield>
  </datafield>
  <datafield tag="700" ind1="1" ind2=" ">
    <subfield code="a">Greene, Henry Mather,</subfield>
    <subfield code="d">1870-1954.</subfield>
  </datafield>
  <datafield tag="700" ind1="1" ind2=" ">
    <subfield code="a">Bolton, William T.</subfield>
  </datafield>
  <datafield tag="700" ind1="1" ind2=" ">
    <subfield code="a">Culbertson, Cordelia A.</subfield>
  </datafield>
  <datafield tag="755" ind1=" " ind2=" ">
    <subfield code="a">Pencil drawings.</subfield>
    <subfield code="2">aat</subfield>
  </datafield>
  <datafield tag="755" ind1=" " ind2=" ">
    <subfield code="a">Crayon drawings.</subfield>
    <subfield code="2">aat</subfield>
  </datafield>
  <datafield tag="799" ind1="4" ind2="3">
    <subfield code="a">The Greene &amp; Greene collection of architectural drawings.</subfield>
  </datafield>
  <datafield tag="789" ind1="0" ind2=" ">
    <subfield code="1">[1]</subfield>
    <subfield code="i">NYDA.1960.001.00874.</subfield>
    <subfield code="t">Second floor plan, elevation [and section] of north side of southeast bedr'm, [elevation of] west side of living room, west elevation, [partial] cellar plan, [partial] first floor plan :</subfield>
    <subfield code="n">Sheet no. 1.</subfield>
  </datafield>
  <datafield tag="789" ind1="0" ind2=" ">
    <subfield code="1">[2]</subfield>
    <subfield code="i">NYDA.1960.001.00875.</subfield>
    <subfield code="t">Second floor plan, [partial] first floor plan.</subfield>
  </datafield>
  <datafield tag="789" ind1="0" ind2=" ">
    <subfield code="1">[3]</subfield>
    <subfield code="i">NYDA.1960.001.00876.</subfield>
    <subfield code="t">North elevation, south elevation, east elevation :</subfield>
    <subfield code="n">Sheet no. 2.</subfield>
  </datafield>
  <datafield tag="789" ind1="0" ind2=" ">
    <subfield code="1">[4]</subfield>
    <subfield code="i">NYDA.1960.001.00877.</subfield>
    <subfield code="t">F[ull] S[ize] D[etail] of car window :</subfield>
    <subfield code="n">Revised sheet no. 3.</subfield>
    <subfield code="o">"See sheet no. 5 for 1" scale details".</subfield>
  </datafield>
  <datafield tag="789" ind1="0" ind2=" ">
    <subfield code="1">[5]</subfield>
    <subfield code="i">NYDA.1960.001.00878.</subfield>
    <subfield code="t">F.S.D. [of] car windows :</subfield>
    <subfield code="n">Sheet no. 3.</subfield>
    <subfield code="o">"Void, see revised sheet".</subfield>
  </datafield>
  <datafield tag="789" ind1="0" ind2=" ">
    <subfield code="1">[6]</subfield>
    <subfield code="i">NYDA.1960.001.00879.</subfield>
    <subfield code="t">F.S. details of cellar window and door frames :</subfield>
    <subfield code="n">Sheet no. 4.</subfield>
  </datafield>
  <datafield tag="789" ind1="0" ind2=" ">
    <subfield code="1">[7]</subfield>
    <subfield code="i">NYDA.1960.001.00880.</subfield>
    <subfield code="t">Plan [and] part elevation inside south sleeping porch, part elevation of east side, 1/2 plan of east sleeping porch, 1/2 plan of west sleeping porch :</subfield>
    <subfield code="n">Sheet no. 5.</subfield>
  </datafield>
  <datafield tag="789" ind1="0" ind2=" ">
    <subfield code="1">[8]</subfield>
    <subfield code="i">NYDA.1960.001.00881.</subfield>
    <subfield code="t">Details of east sleeping porch -- [elevation], vertical section through east wall, section on line A-B :</subfield>
    <subfield code="n">Sheet no. 6.</subfield>
  </datafield>
  <datafield tag="789" ind1="0" ind2=" ">
    <subfield code="1">[9]</subfield>
    <subfield code="i">NYDA.1960.001.00882.</subfield>
    <subfield code="t">F.S.D. [of] door frame [for] so. porch :</subfield>
    <subfield code="n">Sheet no. 7.</subfield>
  </datafield>
  <datafield tag="789" ind1="0" ind2=" ">
    <subfield code="1">[10]</subfield>
    <subfield code="i">NYDA.1960.001.00883.</subfield>
    <subfield code="t">Details in lower hall -- elevation outside of alcove looking south, elevation on line A-A, [elevation] inside [alcove] looking south, F.S.D. of doors, [plan of alcove area] :</subfield>
    <subfield code="n">Sheet no. 8, revised.</subfield>
  </datafield>
  <datafield tag="789" ind1="0" ind2=" ">
    <subfield code="1">[11]</subfield>
    <subfield code="i">NYDA.1960.001.00884.</subfield>
    <subfield code="t">Details for hall alcove -- plan ; [elevations of] outside of alcove looking south, inside looking east, inside of alcove looking north, [and] inside looking south :</subfield>
    <subfield code="n">Sheet no. 8.</subfield>
    <subfield code="o">"Void, redrawn".</subfield>
  </datafield>
  <datafield tag="789" ind1="0" ind2=" ">
    <subfield code="1">[12]</subfield>
    <subfield code="i">NYDA.1960.001.00885.</subfield>
    <subfield code="t">Bathroom details -- [elevations of] north side, west side [and] east side [of] northwest bath ; full size details [showing] plan of corner "X" [in northwest bath, and] section "A-A" [in west bath] :</subfield>
    <subfield code="n">Sheet no. 9.</subfield>
  </datafield>
  <datafield tag="789" ind1="0" ind2=" ">
    <subfield code="1">[13]</subfield>
    <subfield code="i">NYDA.1960.001.00886.</subfield>
    <subfield code="t">Details in S[outh]E[ast] bedroom -- elevation of north side, section on line B-B, section on line C-C, plan of closets, F.S. section[s], plan of drawer pulls, elevation of end of drawer pull :</subfield>
    <subfield code="n">Sheet no. 10.</subfield>
  </datafield>
  <datafield tag="789" ind1="0" ind2=" ">
    <subfield code="1">[14]</subfield>
    <subfield code="i">NYDA.1960.001.00887.</subfield>
    <subfield code="t">F.S. details of west bathrm's windows :</subfield>
    <subfield code="n">Sheet no. 11.</subfield>
  </datafield>
  <datafield tag="789" ind1="0" ind2=" ">
    <subfield code="1">[15]</subfield>
    <subfield code="i">NYDA.1960.001.00888.</subfield>
    <subfield code="t">Details of S.E. bathroom windows :</subfield>
    <subfield code="n">Sheet no. 12.</subfield>
  </datafield>
  <datafield tag="789" ind1="0" ind2=" ">
    <subfield code="1">[16]</subfield>
    <subfield code="i">NYDA.1960.001.00889.</subfield>
    <subfield code="t">F.S. details of window and door frame at so[uth] end of hall :</subfield>
    <subfield code="n">Sheet no. 13.</subfield>
    <subfield code="o">"Note - see sheet no. 8 for scale detail".</subfield>
  </datafield>
  <datafield tag="789" ind1="0" ind2=" ">
    <subfield code="1">[17]</subfield>
    <subfield code="i">NYDA.1960.001.00890.</subfield>
    <subfield code="t">[1/2" and full size detail drawings of] cases in kitchen and S.W. bedroom :</subfield>
    <subfield code="n">Sheet no. 14.</subfield>
  </datafield>
  <datafield tag="789" ind1="0" ind2=" ">
    <subfield code="1">[18]</subfield>
    <subfield code="i">NYDA.1960.001.00891.</subfield>
    <subfield code="t">[Detail drawings of] doors [from] N.E. bedroom to sleeping p'ch -- [elevation], F.S.D. [of] meeting stiles :nSheet no. 15.</subfield>
  </datafield>
  <datafield tag="789" ind1="0" ind2=" ">
    <subfield code="1">[19]</subfield>
    <subfield code="i">NYDA.1960.001.00892.</subfield>
    <subfield code="t">Details of telephone case [in] 2d story hall :</subfield>
    <subfield code="n">Sheet no. 16.</subfield>
  </datafield>
  <datafield tag="789" ind1="0" ind2=" ">
    <subfield code="1">[20]</subfield>
    <subfield code="i">NYDA.1960.001.00893.</subfield>
    <subfield code="t">[Detail drawings of] handles for case doors, S.E. bedroom :</subfield>
    <subfield code="n">Sheet no. 17.</subfield>
    <subfield code="o">"4 long ones, 2 short ones".</subfield>
  </datafield>
  <datafield tag="789" ind1="0" ind2=" ">
    <subfield code="1">[21]</subfield>
    <subfield code="i">NYDA.1960.001.00894.</subfield>
    <subfield code="t">Med[icine] case for N.W. bath -- front [and] side [elevations], horizontal section (full size), elevation [which] shows joints at corners :</subfield>
    <subfield code="n">Sheet no. 18.</subfield>
  </datafield>
  <datafield tag="789" ind1="0" ind2=" ">
    <subfield code="1">[22]</subfield>
    <subfield code="i">NYDA.1960.001.00895.</subfield>
    <subfield code="t">[Elevations of living room] -- west side [with partial plan] (Void, see sheet #20), north side, south side, east side.</subfield>
  </datafield>
  <datafield tag="789" ind1="0" ind2=" ">
    <subfield code="1">[23]</subfield>
    <subfield code="i">NYDA.1960.001.00896.</subfield>
    <subfield code="t">Elevation [of] mantel, [sketches of human figures for ornament],</subfield>
    <subfield code="d">2/8/18.</subfield>
    <subfield code="o">"Submit suggested new tile, wait on this".</subfield>
  </datafield>
  <datafield tag="789" ind1="0" ind2=" ">
    <subfield code="1">[24]</subfield>
    <subfield code="i">NYDA.1960.001.00897.</subfield>
    <subfield code="t">[Elevation of living room mantel]</subfield>
  </datafield>
  <datafield tag="789" ind1="0" ind2=" ">
    <subfield code="1">[25]</subfield>
    <subfield code="i">NYDA.1960.001.00898.</subfield>
    <subfield code="t">[Side and front elevations of living room mantel, detail drawings of ornament for mantel]</subfield>
  </datafield>
  <datafield tag="789" ind1="0" ind2=" ">
    <subfield code="1">[26]</subfield>
    <subfield code="i">NYDA.1960.001.00899.</subfield>
    <subfield code="t">Mantel details, living room :</subfield>
    <subfield code="n">Sheet no. 20,</subfield>
    <subfield code="d">Revised 4/27/18.</subfield>
  </datafield>
  <datafield tag="789" ind1="0" ind2=" ">
    <subfield code="1">[27]</subfield>
    <subfield code="i">NYDA.1960.001.00900.</subfield>
    <subfield code="t">Garden plan, [detail drawing of fences] :</subfield>
    <subfield code="n">Sheet no. 21.</subfield>
  </datafield>
  <datafield tag="789" ind1="0" ind2=" ">
    <subfield code="1">[28]</subfield>
    <subfield code="i">NYDA.1960.001.00901.</subfield>
    <subfield code="t">1 inch details of marble facings and hearth in l[iving] rm. [in] elevation, section [and] plan ; full size [details] of jamb :</subfield>
    <subfield code="n">Sheet no. 23.</subfield>
    <subfield code="o">"For finish consult arch'ts".</subfield>
  </datafield>
  <datafield tag="789" ind1="0" ind2=" ">
    <subfield code="1">[29]</subfield>
    <subfield code="i">NYDA.1960.001.00902.</subfield>
    <subfield code="t">[Detail drawing of] mould for finishing over wall fabric in living room.</subfield>
  </datafield>
  <datafield tag="789" ind1="0" ind2=" ">
    <subfield code="1">[30]</subfield>
    <subfield code="i">NYDA.1960.001.00903.</subfield>
    <subfield code="t">[Sketches of unidentified section and plan]</subfield>
  </datafield>
  <datafield tag="789" ind1="0" ind2=" ">
    <subfield code="1">[31]</subfield>
    <subfield code="i">NYDA.1960.001.00904.</subfield>
    <subfield code="t">[Sketch of plan and elevation of window]</subfield>
  </datafield>
  <datafield tag="789" ind1="0" ind2=" ">
    <subfield code="1">[32]</subfield>
    <subfield code="i">NYDA.1960.001.03406.</subfield>
    <subfield code="t">[Detail drawings of picture frames].</subfield>
    <subfield code="o">Previously attributed to the L.A. Robinson house (Pasadena, Calif.)</subfield>
  </datafield>
  <datafield tag="789" ind1="0" ind2=" ">
    <subfield code="1">[33]</subfield>
    <subfield code="i">NYDA.1960.001.03410.</subfield>
    <subfield code="t">[Elevation of picture frames on wall, with Chinese-style landscapes inset].</subfield>
    <subfield code="o">Previously attributed to the L.A. Robinson house (Pasadena, Calif.)</subfield>
  </datafield>
  <datafield tag="900" ind1=" " ind2=" ">
    <subfield code="a">AUTH</subfield>
  </datafield>
</record>

</collection>